<record><leader>00000cas a22000007a 4500</leader><controlfield tag="001">26938390</controlfield><controlfield tag="008">921109d19521957ctuwr ne      0    0eng d</controlfield><datafield ind1=" " ind2=" " tag="010"><subfield code="a">sn 92051532 </subfield></datafield><datafield ind1=" " ind2=" " tag="040"><subfield code="a">CNW</subfield><subfield code="b">eng</subfield><subfield code="c">CNW</subfield><subfield code="d">OCLCQ</subfield></datafield><datafield ind1=" " ind2=" " tag="042"><subfield code="a">msc</subfield></datafield><datafield ind1="0" ind2=" " tag="130"><subfield code="a">Branford review (Branford, Conn. : 1952)</subfield></datafield><datafield ind1="1" ind2="4" tag="245"><subfield code="a">The Branford review.</subfield></datafield><datafield ind1="1" ind2="7" tag="246"><subfield code="a">Branford review-East Haven news</subfield><subfield code="f">Mar. 1955-Nov. 1, 1956</subfield></datafield><datafield ind1=" " ind2=" " tag="260"><subfield code="a">Branford, Conn. :</subfield><subfield code="b">Free Press Publications</subfield></datafield><datafield ind1=" " ind2=" " tag="300"><subfield code="a">v.</subfield></datafield><datafield ind1=" " ind2=" " tag="310"><subfield code="a">Weekly</subfield></datafield><datafield ind1="0" ind2=" " tag="362"><subfield code="a">Vol. 25, no. 36 (May 15, 1952)-v. 18 [sic], no. 33 (Oct. 3, 1957).</subfield></datafield><datafield ind1=" " ind2=" " tag="515"><subfield code="a">Contains numbering irregularities.</subfield></datafield><datafield ind1=" " ind2=" " tag="530"><subfield code="a">Available on microfilm from UMI.</subfield></datafield><datafield ind1=" " ind2="4" tag="651"><subfield code="a">Branford (Conn.)</subfield><subfield code="v">Newspapers.</subfield></datafield><datafield ind1=" " ind2=" " tag="752"><subfield code="a">United States</subfield><subfield code="b">Connecticut</subfield><subfield code="c">New Haven</subfield><subfield code="d">Branford.</subfield></datafield><datafield ind1="0" ind2="0" tag="780"><subfield code="t">Branford review and East Haven news</subfield><subfield code="w">(DLC)sn 91053006</subfield><subfield code="w">(OCoLC)24931639</subfield></datafield><datafield ind1="0" ind2="7" tag="785"><subfield code="t">Hamden chronicle (Hamden, Conn. : 1946)</subfield><subfield code="w">(DLC)sn 92051530</subfield></datafield><datafield ind1="0" ind2="7" tag="785"><subfield code="t">Suburban spokesman</subfield><subfield code="w">(DLC)sn 92051528</subfield></datafield><datafield ind1="1" ind2=" " tag="029"><subfield code="a">AU@</subfield><subfield code="b">000020741777</subfield></datafield></record>